@article{fuchs1975theory,
  title={Theory of the optical properties of ionic crystal cubes},
  author={Fuchs, R},
  journal={Physical review B},
  volume={11},
  number={4},
  pages={1732},
  year={1975},
  publisher={APS}
}

@article{imoto197221,
  title={21 Vertebrate Lysozymes},
  author={Imoto, Taiji and Johnson, LN and North, ACT and Phillips, DC and Rupley, JA},
  journal={The enzymes},
  volume={7},
  pages={665--868},
  year={1972},
  publisher={Elsevier}
}